@misc{rahman2020leam,
    title={Leam: An Interactive System for In-situ Visual Text Analysis},
    author={Sajjadur Rahman and Peter Griggs and Çağatay Demiralp},
    year={2020},
    eprint={2009.03520},
    archivePrefix={arXiv},
    primaryClass={cs.DB}
}

@article{miao2009amazing,
  title={AMAZING: A sentiment mining and retrieval system},
  author={Miao, Qingliang and Li, Qiudan and Dai, Ruwei},
  journal={Expert Systems with Applications},
  volume={36},
  number={3},
  pages={7192--7198},
  year={2009},
  publisher={Elsevier}
}

@inproceedings{mahmud2016predicting,
  title={Predicting attitude and actions of twitter users},
  author={Mahmud, Jalal and Fei, Geli and Xu, Anbang and Pal, Aditya and Zhou, Michelle},
  booktitle={Proceedings of the 21st International Conference on Intelligent User Interfaces},
  pages={2--6},
  year={2016}
}

@inproceedings{hoque2017cqavis,
  title={CQAVis: Visual text analytics for community question answering},
  author={Hoque, Enamul and Joty, Shafiq and Marquez, Luis and Carenini, Giuseppe},
  booktitle={Proceedings of the 22nd International Conference on Intelligent User Interfaces},
  pages={161--172},
  year={2017}
}

@inproceedings{gordon2018iqa,
  title={Iqa: Visual question answering in interactive environments},
  author={Gordon, Daniel and Kembhavi, Aniruddha and Rastegari, Mohammad and Redmon, Joseph and Fox, Dieter and Farhadi, Ali},
  booktitle={Proceedings of the IEEE Conference on Computer Vision and Pattern Recognition},
  pages={4089--4098},
  year={2018}
}


@article{shen2015word,
  title={Word embedding based correlation model for question/answer matching},
  author={Shen, Yikang and Rong, Wenge and Jiang, Nan and Peng, Baolin and Tang, Jie and Xiong, Zhang},
  journal={arXiv preprint arXiv:1511.04646},
  year={2015}
}

@article{suhara2020opiniondigest,
  title={OpinionDigest: A Simple Framework for Opinion Summarization},
  author={Suhara, Yoshihiko and Wang, Xiaolan and Angelidis, Stefanos and Tan, Wang-Chiew},
  journal={arXiv preprint arXiv:2005.01901},
  year={2020}
}


@inproceedings{wang2020extremereader,
  title={ExtremeReader: An interactive explorer for customizable and explainable review summarization},
  author={Wang, Xiaolan and Suhara, Yoshihiko and Nuno, Natalie and Li, Yuliang and Li, Jinfeng and Carmeli, Nofar and Angelidis, Stefanos and Kandogann, Eser and Tan, Wang-Chiew},
  booktitle={Companion Proceedings of the Web Conference 2020},
  pages={176--180},
  year={2020}
}


@inproceedings{brooks2014collaborative,
  title={Collaborative visual analysis of sentiment in twitter events},
  author={Brooks, Michael and Robinson, John J and Torkildson, Megan K and Aragon, Cecilia R and others},
  booktitle={International Conference on Cooperative Design, Visualization and Engineering},
  pages={1--8},
  year={2014},
  organization={Springer}
}


@inproceedings{wang2015senticompass,
  title={SentiCompass: Interactive visualization for exploring and comparing the sentiments of time-varying twitter data},
  author={Wang, Florence Ying and Sallaberry, Arnaud and Klein, Karsten and Takatsuka, Masahiro and Roche, Mathieu},
  booktitle={2015 IEEE Pacific Visualization Symposium (PacificVis)},
  pages={129--133},
  year={2015},
  organization={IEEE}
}


@inproceedings{zhao2014pearl,
  title={Pearl: An interactive visual analytic tool for understanding personal emotion style derived from social media},
  author={Zhao, Jian and Gou, Liang and Wang, Fei and Zhou, Michelle},
  booktitle={2014 IEEE Conference on Visual Analytics Science and Technology (VAST)},
  pages={203--212},
  year={2014},
  organization={IEEE}
}


@article{wu2010opinionseer,
  title={OpinionSeer: interactive visualization of hotel customer feedback},
  author={Wu, Yingcai and Wei, Furu and Liu, Shixia and Au, Norman and Cui, Weiwei and Zhou, Hong and Qu, Huamin},
  journal={IEEE transactions on visualization and computer graphics},
  volume={16},
  number={6},
  pages={1109--1118},
  year={2010},
  publisher={IEEE}
}


@article{hall2009weka,
  title={The WEKA data mining software: an update},
  author={Hall, Mark and Frank, Eibe and Holmes, Geoffrey and Pfahringer, Bernhard and Reutemann, Peter and Witten, Ian H},
  journal={ACM SIGKDD explorations newsletter},
  volume={11},
  number={1},
  pages={10--18},
  year={2009},
  publisher={ACM New York, NY, USA}
}

@article{modin,
  title={Towards Scalable Dataframe Systems},
  author={Petersohn and others},
  journal={PVLDB},
  volume={13},
  number={11},
  pages={2033--2046},
  year={2020},
  publisher={VLDB Endowment}
}

@inproceedings{lajus2014efficient,
  title={Efficient data management and statistics with zero-copy integration},
  author={Lajus and others},
  booktitle={SSDBM},
  pages={1--10},
  year={2014}
}

@inproceedings{raasveldt2020data,
  title={Data Mgmt for Data Science-Towards Embedded Analytics.},
  author={Raasveldt and others}
}

@article{wickham2015dplyr,
  title={dplyr: A grammar of data manipulation},
  author={Wickham, Hadley and others}
}

@inproceedings{mckinney2010data,
  title={Data structures for statistical computing in python},
  author={McKinney and others},
  year={2010}
}


@article{liu2014effects,
  title={The effects of interactive latency on exploratory visual analysis},
  author={Liu and others},
  journal={IEEE TVCG},
  volume={20},
  number={12},
  pages={2122--2131},
  year={2014},
  publisher={IEEE}
}

@inproceedings{zhang2020teddy,
  title={Teddy: A System for Interactive Review Analysis},
  author={Zhang and others},
  booktitle={SIGCHI},
  pages={1--13},
  year={2020}
}

@inproceedings{moritz2017trust,
  title={Trust, but verify: Optimistic visualizations of approximate queries for exploring big data},
  author={Moritz and others},
  booktitle={SIGCHI},
  pages={2904--2915},
  year={2017}
}

@inproceedings{hou1989processing,
  title={Processing aggregate relational queries with hard time constraints},
  author={Hou and others},
  booktitle={ACM SIGMOD},
  pages={68--77},
  year={1989}
}

@inproceedings{babcock2003dynamic,
  title={Dynamic sample selection for approximate query processing},
  author={Babcock and others},
  booktitle={ACM SIGMOD},
  pages={539--550},
  year={2003}
}

@inproceedings{agarwal2013blinkdb,
  title={BlinkDB: queries with bounded errors and bounded response times on very large data},
  author={Agarwal and others},
  booktitle={ACM EUROSYS},
  pages={29--42},
  year={2013}
}

@inproceedings{acharya1999aqua,
  title={The Aqua approximate query answering system},
  author={Acharya and others},
  booktitle={ACM SIGMOD},
  pages={574--576},
  year={1999}
}

@inproceedings{hou1988statistical,
  title={Statistical estimators for relational algebra expressions},
  author={Hou and others},
  booktitle={PODS},
  pages={276--287},
  year={1988}
}

@article{haas1996selectivity,
  title={Selectivity and cost estimation for joins based on random sampling},
  author={Haas and others},
  journal={Journal of Computer and System Sciences},
  volume={52},
  number={3},
  pages={550--569},
  year={1996},
  publisher={Elsevier}
}

@article{rahman2017ve,
  title={I've seen" enough" incrementally improving visualizations to support rapid decision making},
  author={Rahman and others},
  journal={PVLDB},
  volume={10},
  number={11},
  pages={1262--1273},
  year={2017},
  publisher={VLDB Endowment}
}

@inproceedings{fisher2012trust,
  title={Trust me, I'm partially right: incremental visualization lets analysts explore large datasets faster},
  author={Fisher and others},
  booktitle={SIGCHI},
  pages={1673--1682},
  year={2012}
}

@inproceedings{hellerstein1997online,
  title={Online aggregation},
  author={Hellerstein and others},
  booktitle={SIGMOD},
  pages={171--182},
  year={1997}
}

@inproceedings{bhattacherjee2015principles,
  title={Principles of dataset versioning: Exploring the recreation/storage tradeoff},
  author={Bhattacherjee and others},
  booktitle={VLDB Endowment},
  volume={8},
  number={12},
  pages={1346},
  year={2015},
  organization={NIH Public Access}
}

@article{huang2017orpheusdb,
  title={ORPHEUSDB: Bolt-on Versioning for Relational Databases},
  author={Huang and others},
  journal={PVLDB},
  volume={10},
  number={10},
  year={2017}
}

@article{miao2016provdb,
  title={ProvDB: A system for lifecycle management of collaborative analysis workflows},
  author={Miao and others},
  journal={arXiv preprint arXiv:1610.04963},
  year={2016}
}


@article{miao2016modelhub,
  title={Modelhub: Towards unified data and lifecycle management for deep learning},
  author={Miao and others},
  journal={arXiv preprint arXiv:1611.06224},
  year={2016}
}

@article{brachmannbyour,
  title={Your notebook is not crumby enough, REPLace it},
  author={Brachmann and others}
}

@article{liu2018bridging,
  title={Bridging text visualization and mining: A task-driven survey},
  author={Liu and others},
  journal={IEEE TVCG},
  volume={25},
  number={7},
  pages={2482--2504},
  year={2018},
  publisher={IEEE}
}


@inproceedings{yan2020auto,
  title={Auto-Suggest: Learning-to-Recommend Data Preparation Steps Using Data Science Notebooks},
  author={Yan and others},
  booktitle={ACM SIGMOD},
  pages={1539--1554},
  year={2020}
}


@article{satyanarayan2016vega,
  title={Vega-lite: A grammar of interactive graphics},
  author={Satyanarayan and others},
  journal={IEEE TVCG},
  volume={23},
  number={1},
  pages={341--350},
  year={2016},
  publisher={IEEE}
}

@inproceedings{mlbazaar,
  title={The machine learning bazaar: Harnessing the ML ecosystem for effective system development},
  author={Smith and others},
  booktitle={ACM SIGMOD},
  pages={785--800},
  year={2020}
}


@inproceedings{moritz2018ray,
  title={Ray: A distributed framework for emerging $\{$AI$\}$ applications},
  author={Moritz and others},
  booktitle={$\{$USENIX$\}$ ($\{$OSDI$\}$)},
  pages={561--577},
  year={2018}
}

@inproceedings{rocklin2015dask,
  title={Dask: Parallel computation with blocked algorithms and task scheduling},
  author={Rocklin and others},
  booktitle={Proceedings of the 14th python in science conference},
  number={130-136},
  year={2015},
  organization={Citeseer}
}

@inproceedings{bar2020automatically,
  title={Automatically generating data exploration sessions using deep reinforcement learning},
  author={Bar and others},
  booktitle={ACM SIGMOD},
  pages={1527--1537},
  year={2020}
}

@article{brown2020language,
  title={Language models are few-shot learners},
  author={Brown and others},
  journal={arXiv preprint arXiv:2005.14165},
  year={2020}
}

@inproceedings{carenini2006interactive,
  title={Interactive multimedia summaries of evaluative text},
  author={Carenini and others},
  booktitle={IUI},
  pages={124--131},
  year={2006}
}

@inproceedings{kucher2018state,
  title={The state of the art in sentiment visualization},
  author={Kucher and others},
  booktitle={Computer Graphics Forum},
  volume={37},
  number={1},
  pages={71--96},
  year={2018},
  organization={Wiley Online Library}
}

@ArtifactSoftware{tiledb,
    title = {TileDB: The Universal Storage Engine},
    author = {{TileDB Core Team}},
    organization = {TileDB, Inc.},
    address = {USA},
    year = {2020},
    url = {https://tiledb.com/},
}

@ArtifactSoftware{arrow,
    title = {Apache Arrow: A cross-language development platform for in-memory analytics},
    author = {{Apache Arrow Core Team}},
    organization = {Apache Software Foundation},
    address = {USA},
    year = {2020},
    url = {https://arrow.apache.org/},
}

@ArtifactSoftware{dask,
    title = {Dask: A flexible library for parallel computing in Python},
    author = {{Dask Core Team}},
    organization = {Dask Org},
    address = {USA},
    year = {2020},
    url = {https://dask.org/},
}

@article{codd,
author = {Codd, E. F.},
title = {A Relational Model of Data for Large Shared Data Banks},
year = {1970},
issue_date = {June 1970},
publisher = {ACM},
address = {New York, NY, USA},
volume = {13},
number = {6},
issn = {0001-0782},
journal = {Commun. ACM},
month = jun,
pages = {377–387},
numpages = {11}
}

@inproceedings{lara,
  title={LaraDB: A minimalist kernel for linear and relational algebra computation},
  author={Hutchison and others},
  booktitle={ACM SIGMOD Workshop on Algorithms and Systems for MapReduce and Beyond},
  pages={1--10},
  year={2017}
}

@article{satyanarayan2015reactive,
  title={Reactive vega: A streaming dataflow architecture for declarative interactive visualization},
  author={Satyanarayan and others},
  journal={IEEE TVCG},
  volume={22},
  number={1},
  pages={659--668},
  year={2015},
  publisher={IEEE}
}

@article{bostock2011d3,
  title={D$^3$ data-driven documents},
  author={Bostock and others},
  journal={IEEE TVCG},
  volume={17},
  number={12},
  pages={2301--2309},
  year={2011},
  publisher={IEEE}
}

@article{stolte2002polaris,
  title={Polaris: A system for query, analysis, and visualization of multidimensional relational databases},
  author={Stolte and others},
  journal={IEEE TVCG},
  volume={8},
  number={1},
  pages={52--65},
  year={2002},
  publisher={IEEE}
}

@article{bostock2009protovis,
  title={Protovis: A graphical toolkit for visualization},
  author={Bostock and others},
  journal={IEEE TVCG},
  volume={15},
  number={6},
  pages={1121--1128},
  year={2009},
  publisher={IEEE}
}

@article{kandel2011research,
  title={Research directions in data wrangling: Visualizations and transformations for usable and credible data},
  author={Kandel and others},
  journal={Information Visualization},
  volume={10},
  number={4},
  pages={271--288},
  year={2011},
  publisher={Sage Publications}
}
@inproceedings{tukey1965data,
  author =        {Tukey and others},
  booktitle =     {Proceedings of the Symposium on Information Processing in Sight and Sensory Systems},
  organization =  {ACM},
  pages =         {7--27},
  title =         {Data analysis and statistics: Techniques and approaches},
  year =          {1965},
}
@article{kraska2018northstar,
  title={Northstar: An interactive data science system},
  author={Kraska, Tim},
  journal={PVLDB},
  volume={11},
  number={12},
  pages={2150--2164},
  year={2018},
  publisher={VLDB Endowment}
}

@inproceedings{spenke1996focus,
  title={FOCUS: the interactive table for product comparison and selection},
  author={Spenke and others},
  booktitle={ACM UIST},
  pages={41--50},
  year={1996},
  organization={ACM}
}

@article{charniak1997statistical,
  title={Statistical parsing with a context-free grammar and word statistics},
  author={Charniak, Eugene},
  journal={AAAI/IAAI},
  volume={2005},
  number={598-603},
  pages={18},
  year={1997}
}


@inproceedings{wang2000guidelines,
  title={Guidelines for using multiple views in information visualization},
  author={Wang and others},
  booktitle={Proceedings of the working conference on Advanced visual interfaces},
  pages={110--119},
  year={2000},
  organization={ACM}
}

@inproceedings{miao2020snippext,
  title={Snippext: Semi-supervised opinion mining with augmented data},
  author={Miao and others},
  booktitle={system},
  pages={617--628},
  year={2020}
}


@inproceedings{bendre2019faster,
  title={Faster, higher, stronger: Redesigning spreadsheets for scale},
  author={Bendre and others},
  booktitle={ICDE},
  pages={1972--1975},
  year={2019},
  organization={IEEE}
}

@online{ecommerce,
  author =       "Statista",
  year =         "2020",
  title =        "Retail e-commerce sales worldwide from 2014 to 2023",
  url =          "https://www.statista.com/statistics/379046/worldwide-retail-e-commerce-sales/",
  month =        mar,
  lastaccessed = "August 28, 2020",
}

@online{tweet,
  author =       "Kaggle",
  year =         "2020",
  title =        "RBasic EDA, Cleaning and GloVe",
  url =          "https://www.kaggle.com/shahules/basic-eda-cleaning-and-glove/",
  month =        jan,
  lastaccessed = "September 17, 2020",
}

@online{spam,
  author =       "Kaggle",
  year =         "2020",
  title =        "Simple EDA with Data Cleaning \& GloVe",
  url =          "https://www.kaggle.com/madz2000/simple-eda-with-data-cleaning-glove-98-accuracy/",
  month =        may,
  lastaccessed = "September 17, 2020",
}

@article{lee2020demystifying,
  title={Demystifying a Dark Art: Understanding Real-World Machine Learning Model Development},
  author={Lee and others},
  journal={arXiv preprint arXiv:2005.01520},
  year={2020}
}

@article{documentation2018keras,
  title={Keras: the python deep learning library},
  author={Documentation, Keras},
  journal={Daring]. Tersedia: https://keras. io/.[Diakses 26 Agustus 2019]},
  year={2018}
}

@inproceedings{smith2020machine,
  title={The machine learning bazaar: Harnessing the ML ecosystem for effective system development},
  author={Smith, Micah J and Sala, Carles and Kanter, James Max and Veeramachaneni, Kalyan},
  booktitle={Proceedings of the 2020 ACM SIGMOD International Conference on Management of Data},
  pages={785--800},
  year={2020}
}

@article{smilkov2019tensorflow,
  title={Tensorflow. js: Machine learning for the web and beyond},
  author={Smilkov, Daniel and Thorat, Nikhil and Assogba, Yannick and Yuan, Ann and Kreeger, Nick and Yu, Ping and Zhang, Kangyi and Cai, Shanqing and Nielsen, Eric and Soergel, David and others},
  journal={arXiv preprint arXiv:1901.05350},
  year={2019}
}



@article{paszke2017automatic,
  title={Automatic differentiation in pytorch},
  author={Paszke, Adam and Gross, Sam and Chintala, Soumith and Chanan, Gregory and Yang, Edward and DeVito, Zachary and Lin, Zeming and Desmaison, Alban and Antiga, Luca and Lerer, Adam},
  year={2017}
}


@inproceedings{abadi2016tensorflow,
  title={Tensorflow: A system for large-scale machine learning},
  author={Abadi, Mart{\'\i}n and Barham, Paul and Chen, Jianmin and Chen, Zhifeng and Davis, Andy and Dean, Jeffrey and Devin, Matthieu and Ghemawat, Sanjay and Irving, Geoffrey and Isard, Michael and others},
  booktitle={12th $\{$USENIX$\}$ symposium on operating systems design and implementation ($\{$OSDI$\}$ 16)},
  pages={265--283},
  year={2016}
}


@article{al2016theano,
  title={Theano: A Python framework for fast computation of mathematical expressions},
  author={Al-Rfou, Rami and Alain, Guillaume and Almahairi, Amjad and Angermueller, Christof and Bahdanau, Dzmitry and Ballas, Nicolas and Bastien, Fr{\'e}d{\'e}ric and Bayer, Justin and Belikov, Anatoly and Belopolsky, Alexander and others},
  journal={arXiv},
  pages={arXiv--1605},
  year={2016}
}


@article{pedregosa2011scikit,
  title={Scikit-learn: Machine learning in Python},
  author={Pedregosa, Fabian and Varoquaux, Ga{\"e}l and Gramfort, Alexandre and Michel, Vincent and Thirion, Bertrand and Grisel, Olivier and Blondel, Mathieu and Prettenhofer, Peter and Weiss, Ron and Dubourg, Vincent and others},
  journal={the Journal of machine Learning research},
  volume={12},
  pages={2825--2830},
  year={2011},
  publisher={JMLR. org}
}


@inproceedings{havre2000themeriver,
  title={ThemeRiver: Visualizing theme changes over time},
  author={Havre, Susan and Hetzler, Beth and Nowell, Lucy},
  booktitle={IEEE Symposium on Information Visualization 2000. INFOVIS 2000. Proceedings},
  pages={115--123},
  year={2000},
  organization={IEEE}
}


@article{dou2013hierarchicaltopics,
  title={Hierarchicaltopics: Visually exploring large text collections using topic hierarchies},
  author={Dou, Wenwen and Yu, Li and Wang, Xiaoyu and Ma, Zhiqiang and Ribarsky, William},
  journal={IEEE Transactions on Visualization and Computer Graphics},
  volume={19},
  number={12},
  pages={2002--2011},
  year={2013},
  publisher={IEEE}
}

@inproceedings{chuang2012interpretation,
  title={Interpretation and trust: Designing model-driven visualizations for text analysis},
  author={Chuang, Jason and Ramage, Daniel and Manning, Christopher and Heer, Jeffrey},
  booktitle={Proceedings of the SIGCHI Conference on Human Factors in Computing Systems},
  pages={443--452},
  year={2012}
}


@article{felix2016texttile,
  title={Texttile: an interactive visualization tool for seamless exploratory analysis of structured data and unstructured text},
  author={Felix, Cristian and Pandey, Anshul Vikram and Bertini, Enrico},
  journal={IEEE transactions on visualization and computer graphics},
  volume={23},
  number={1},
  pages={161--170},
  year={2016},
  publisher={IEEE}
}


@inproceedings{collins2009parallel,
  title={Parallel tag clouds to explore and analyze faceted text corpora},
  author={Collins, Christopher and Viegas, Fernanda B and Wattenberg, Martin},
  booktitle={2009 IEEE Symposium on Visual Analytics Science and Technology},
  pages={91--98},
  year={2009},
  organization={IEEE}
}

@misc{powerbi,
author = {Microsoft},
title = {Power {BI}: {I}nteractive {D}ata {V}isualization {BI}},
year = {2020},
url = {https://powerbi.microsoft.com}
}



@misc{lux,
author = {Doris Lee},
title = {LUX: A Python API for Intelligent Visual Discovery},
year = {2020},
url = {https://github.com/lux-org/lux}
}

@misc{jupyter,
author = {Project Jupyter},
title = {Project Jupyter},
year = {2020},
url = {http://jupyter.org/}
}

@misc{colab,
author = {Google},
title = {Colaboratory},
year = {2020},
url = {https://colab.research.google.com/}
}

@misc{observable,
author = {Observable},
title = {Observable},
year = {2020},
url = {https://observablehq.com/}
}

@misc{trifacta,
author = {Trifacta},
title = {Data {W}rangling {T}ools \& {S}oftware},
year = {2020},
url = {https://www.trifacta.com}
}



@inproceedings{rule2018exploration,
  title={Exploration and explanation in computational notebooks},
  author={Rule, Adam and Tabard, Aur{\'e}lien and Hollan, James D},
  booktitle={Proceedings of the 2018 CHI Conference on Human Factors in Computing Systems},
  pages={1--12},
  year={2018}
}


@misc{kerasjs,
author = {Leon Chen},
title = {Keras.js},
year = {2020},
url = {https://transcranial.github.io/keras-js/}
}

@misc{tableau,
author = {Tableau},
title = {{T}ableau {D}esktop},
year = {2020},
url = {https://www.tableau.com}
}

@misc{googledatastudio,
author = {Google},
title = {Google {D}ata {S}tudio},
year = {2020},
url = {https://datastudio.google.com}
}

@misc{sastextminer,
author = {SAS},
title = {{SAS} {T}ext {M}iner},
year = {2020},
url = {https://www.sas.com/en_us/software/text-miner.html}
}

@misc{rapidminer,
author = {{R}apid{M}iner},
title = {{R}apid{M}iner {S}tudio},
year = {2020},
url = {https://rapidminer.com/products/studio/}
}
@misc{spacy,
  author = {Explosion {AI}},
  title = {{spaCy}: Industrial-Strength Natural Language Processing},
  url = {https://spacy.io/},
  year = {2020}
}
@inproceedings{gensim,
      author = {Radim {\v R}eh{\r u}{\v r}ek and Petr Sojka},
      title = {{Software Framework for Topic Modelling with Large Corpora}},
      booktitle = {{Proc. LREC Workshop on New Challenges for NLP Frameworks}},
      year = 2010
}
@book{nltk,
      title={{Natural Language Processing with Python}},
      author={Steven Bird and  Edward Loper and Ewan Klein},
      publisher={O’Reilly Media Inc.}, 
      year={2009}
}
@inproceedings{drosos2020wrex,
  title={Wrex: A Unified Programming-by-Example Interaction for Synthesizing Readable Code for Data Scientists},
  author={Drosos, Ian and Barik, Titus and Guo, Philip J and DeLine, Robert and Gulwani, Sumit},
  booktitle={ACM Human Factors in Computing Systems (CHI)},
  pages={1--12},
  year={2020}
}

@book{wickham2016ggplot2,
  title={ggplot2: elegant graphics for data analysis},
  author={Wickham, Hadley},
  year={2016},
  publisher={springer}
}


@article{vanderplas2018altair,
  title={Altair: Interactive statistical visualizations for python},
  author={VanderPlas, Jacob and Granger, Brian E and Heer, Jeffrey and Moritz, Dominik and Wongsuphasawat, Kanit and Satyanarayan, Arvind and Lees, Eitan and Timofeev, Ilia and Welsh, Ben and Sievert, Scott},
  journal={Journal of open source software},
  volume={3},
  number={32},
  pages={1057},
  year={2018}
}


@inproceedings{kandel2011wrangler,
  title={Wrangler: Interactive visual specification of data transformation scripts},
  author={Kandel, Sean and Paepcke, Andreas and Hellerstein, Joseph and Heer, Jeffrey},
  booktitle={Proceedings of the SIGCHI Conference on Human Factors in Computing Systems},
  pages={3363--3372},
  year={2011}
}


@inproceedings{wu2020b2,
  title={B2: Bridging Code and Interactive Visualization in Computational Notebooks},
  author={Yifan Wu and Joe Hellerstein and Arvind Satyanarayan},
  booktitle={ACM UIST},
  year={2020}
}

@article{ittoo2016text,
  title={Text analytics in industry: Challenges, desiderata and trends},
  author={Ittoo, Ashwin and van den Bosch, Antal and others},
  journal={Computers in Industry},
  year={2016}
}

@article{perez2007ipython,
  Author    = {P\'erez, Fernando and Granger, Brian E.},
  Title     = {{IP}ython: a System for Interactive Scientific Computing},
  Journal   = {Computing in Science and Engineering},
  year      = 2007,
}


@article{taokyrix,
  title={Kyrix: Interactive Visual Data Exploration at Scale},
  author={Tao and others}
}







